@inproceedings{MapReduce,
 author = {Dean, Jeffrey and Ghemawat, Sanjay},
 title = {MapReduce: Simplified Data Processing on Large Clusters},
 booktitle = {Proceedings of the 6th Conference on Symposium on Opearting Systems Design \& Implementation - Volume 6},
 series = {OSDI'04},
 year = {2004},
 location = {San Francisco, CA},
 pages = {10--10},
 numpages = {1},
 url = {http://dl.acm.org/citation.cfm?id=1251254.1251264},
 acmid = {1251264},
 publisher = {USENIX Association},
 address = {Berkeley, CA, USA},
} 

@book{Hadoop,
  title={Understanding big data: Analytics for enterprise class hadoop and streaming data},
  author={Zikopoulos, Paul and Eaton, Chris and others},
  year={2011},
  publisher={McGraw-Hill Osborne Media}
}

@inproceedings{StreamFusion,
  title={Stream fusion: From lists to streams to nothing at all},
  author={Coutts, Duncan and Leshchinskiy, Roman and Stewart, Don},
  booktitle={ACM SIGPLAN Notices},
  volume={42},
  number={9},
  pages={315--326},
  year={2007},
  organization={ACM}
}

@book{APL,
  title={APL: The language and its usage},
  author={Polivka, Raymond P and Pakin, Sandra},
  year={1975},
  publisher={Prentice Hall Professional Technical Reference}
}

@book{Fortran,
  title={Programmer's guide to Fortran 90},
  author={Adams, Jeanne C and Brainerd, Walter S and Coldberg, Charles H},
  year={1990},
  publisher={Intertext Publications}
}

@inproceedings{LINQ,
  title={Linq: reconciling object, relations and xml in the. net framework},
  author={Meijer, Erik and Beckman, Brian and Bierman, Gavin},
  booktitle={Proceedings of the 2006 ACM SIGMOD international conference on Management of data},
  pages={706--706},
  year={2006},
  organization={ACM}
}
@article{R,
  title={R: A language and environment for statistical computing},
  author={Team, RDevelopment Core and others},
  journal={R foundation for Statistical Computing},
  year={2005},
  publisher={sn}
}