@misc{placeholder,
  author = {P Holder},
  title = {A placehold citation},
  month = jan,
  year = {1900},
  url = {http://place.holder.com}
}


@article{karimi2010performance,
  title={A performance comparison of CUDA and OpenCL},
  author={Karimi, Kamran and Dickson, Neil G and Hamze, Firas},
  journal={arXiv preprint arXiv:1005.2581},
  year={2010}
}


@inproceedings{shen2012performance,
  title={Performance gaps between OpenMP and OpenCL for multi-core CPUs},
  author={Shen, Jie and Fang, Jianbin and Sips, Henk and Varbanescu, Ana Lucia},
  booktitle={Parallel Processing Workshops (ICPPW), 2012 41st International Conference on},
  pages={116--125},
  year={2012},
  organization={IEEE}
}

